
@misc{Max15,
	author = {G. Maxwell},
	title = {Confidential Transactions},
	howpublished = {\url{https://people.xiph.org/~greg/confidential_values.txt}},
	year = {2015}
}

@misc{AOS,
	author = {M. Abe and M. Ohkubo and K. Suzuki},
	title = {1-out-of-n Signatures from a Variety of Keys},
	howpublished = {\url{https://www.iacr.org/archive/asiacrypt2002/25010414/25010414.ps}},
	year = {2002}
}

@misc{PoeMW,
	author = {A. Poelstra},
	title = {Mimblewimble},
	publisher = {GitHub},
	journal = {GitHub repo},
	howpublished = {\url{https://download.wpsoftware.net/bitcoin/wizardry/mimblewimble.pdf}},
	year = {2016}
}

@MISC{Nakamoto_bitcoin:a,
	author = {S. Nakamoto},
	title = {Bitcoin: A peer-to-peer electronic cash system}, howpublished = {\url{http://bitcoin.org/bitcoin.pdf}},
	year = {2008}
}

@misc{MaxIssue,
	author = {G. Maxwell},
	title = {Improve transaction privacy / fungibility in Bitcoin Core and the Bitcoin system [meta tracking issues]},
	publisher = {GitHub},
	journal = {GitHub issue},
	howpublished = {\url{https://github.com/bitcoin/bitcoin/issues/6568}},
	year = {2015}
}

@misc{GibsonCT,
	author = {A. Gibson},
	title = {An investigation into Confidential Transactions},
	publisher = {GitHub},
	journal = {GitHub repo},
	howpublished =
	{\url{https://github.com/AdamISZ/ConfidentialTransactionsDoc/blob/master/essayonCT.pdf}}
}

@misc{Pedersen,
	author = {T. P. Pedersen},
	title = {Non-Interactive and Information-Theoretic Secure Verifiable Secret Sharing},
	howpublished = {\url{https://link.springer.com/content/pdf/10.1007/3-540-46766-1_9.pdf}},
	year = {1991}
}

@misc{Borromean,
	author = {G. Maxwell and A. Poelstra},
	title = {Borromean Ring Signatures},
	publisher = {GitHub},
	journal = {GitHub repo},
	howpublished =
	{\url{https://github.com/ElementsProject/borromean-signatures-writeup}}
}
